@inproceedings{gatys2015texture,
  title={Texture synthesis using convolutional neural networks},
  author={Gatys, Leon and Ecker, Alexander S and Bethge, Matthias},
  booktitle={Advances in Neural Information Processing Systems},
  pages={262--270},
  year={2015}
}

@inproceedings{komodakis2006image,
  title={Image completion using global optimization},
  author={Komodakis, Nikos},
  booktitle={Computer Vision and Pattern Recognition, 2006 IEEE Computer Society Conference on},
  volume={1},
  pages={442--452},
  year={2006},
  organization={IEEE}
}

@inproceedings{hays2007scene,
  title={Scene completion using millions of photographs},
  author={Hays, James and Efros, Alexei A},
  booktitle={ACM Transactions on Graphics (TOG)},
  volume={26},
  number={3},
  pages={4},
  year={2007},
  organization={ACM}
}

@inproceedings{wilczkowiak2005hole,
  title={Hole filling through photomontage},
  author={Wilczkowiak, Marta and Brostow, Gabriel J and Tordoff, Ben and Cipolla, Roberto},
  booktitle={BMVC 2005-Proceedings of the British Machine Vision Conference 2005},
  year={2005}
}

@inproceedings{wexler2004space,
  title={Space-time video completion},
  author={Wexler, Yonatan and Shechtman, Eli and Irani, Michal},
  booktitle={Computer Vision and Pattern Recognition, 2004. CVPR 2004. Proceedings of the 2004 IEEE Computer Society Conference on},
  volume={1},
  pages={I--I},
  year={2004},
  organization={IEEE}
}

@article{barnes2009patchmatch,
  title={PatchMatch: A randomized correspondence algorithm for structural image editing},
  author={Barnes, Connelly and Shechtman, Eli and Finkelstein, Adam and Goldman, Dan B},
  journal={ACM Transactions on Graphics-TOG},
  volume={28},
  number={3},
  pages={24},
  year={2009}
}

@inproceedings{bertalmio2000image,
  title={Image inpainting},
  author={Bertalmio, Marcelo and Sapiro, Guillermo and Caselles, Vincent and Ballester, Coloma},
  booktitle={Proceedings of the 27th annual conference on Computer graphics and interactive techniques},
  pages={417--424},
  year={2000},
  organization={ACM Press/Addison-Wesley Publishing Co.}
}

@article{elad2005simultaneous,
  title={Simultaneous cartoon and texture image inpainting using morphological component analysis (MCA)},
  author={Elad, Michael and Starck, J-L and Querre, Philippe and Donoho, David L},
  journal={Applied and Computational Harmonic Analysis},
  volume={19},
  number={3},
  pages={340--358},
  year={2005},
  publisher={Elsevier}
}

@article{bertalmio2003simultaneous,
  title={Simultaneous structure and texture image inpainting},
  author={Bertalmio, Marcelo and Vese, Luminita and Sapiro, Guillermo and Osher, Stanley},
  journal={IEEE transactions on image processing},
  volume={12},
  number={8},
  pages={882--889},
  year={2003},
  publisher={IEEE}
}

@inproceedings{pathak2016context,
  title={Context encoders: Feature learning by inpainting},
  author={Pathak, Deepak and Krahenbuhl, Philipp and Donahue, Jeff and Darrell, Trevor and Efros, Alexei A},
  booktitle={Proceedings of the IEEE Conference on Computer Vision and Pattern Recognition},
  pages={2536--2544},
  year={2016}
}

@article{yeh2016semantic,
  title={Semantic image inpainting with perceptual and contextual losses},
  author={Yeh, Raymond and Chen, Chen and Lim, Teck Yian and Hasegawa-Johnson, Mark and Do, Minh N},
  journal={arXiv preprint arXiv:1607.07539},
  year={2016}
}

@inproceedings{li2017generative,
  title={Generative face completion},
  author={Li, Yijun and Liu, Sifei and Yang, Jimei and Yang, Ming-Hsuan},
  booktitle={Proceedings of the IEEE Conference on Computer Vision and Pattern Recognition},
  volume={1},
  number={3},
  pages={6},
  year={2017}
}

@inproceedings{yang2017high,
  title={High-resolution image inpainting using multi-scale neural patch synthesis},
  author={Yang, Chao and Lu, Xin and Lin, Zhe and Shechtman, Eli and Wang, Oliver and Li, Hao},
  booktitle={The IEEE Conference on Computer Vision and Pattern Recognition (CVPR)},
  volume={1},
  number={2},
  pages={3},
  year={2017}
}

@article{iizuka2017globally,
  title={Globally and locally consistent image completion},
  author={Iizuka, Satoshi and Simo-Serra, Edgar and Ishikawa, Hiroshi},
  journal={ACM Transactions on Graphics (TOG)},
  volume={36},
  number={4},
  pages={107},
  year={2017},
  publisher={ACM}
}

@inproceedings{tsai2017deep,
  title={Deep image harmonization},
  author={Tsai, Yi-Hsuan and Shen, Xiaohui and Lin, Zhe and Sunkavalli, Kalyan and Lu, Xin and Yang, Ming-Hsuan},
  booktitle={IEEE Conference on Computer Vision and Pattern Recognition (CVPR)},
  year={2017}
}

@article{zhang2018unreasonable,
  title={The Unreasonable Effectiveness of Deep Features as a Perceptual Metric},
  author={Zhang, Richard and Isola, Phillip and Efros, Alexei A and Shechtman, Eli and Wang, Oliver},
  journal={arXiv preprint arXiv:1801.03924},
  year={2018}
}

@inproceedings{gatys2016image,
  title={Image style transfer using convolutional neural networks},
  author={Gatys, Leon A and Ecker, Alexander S and Bethge, Matthias},
  booktitle={Computer Vision and Pattern Recognition (CVPR), 2016 IEEE Conference on},
  pages={2414--2423},
  year={2016},
  organization={IEEE}
}

@inproceedings{dosovitskiy2016generating,
  title={Generating images with perceptual similarity metrics based on deep networks},
  author={Dosovitskiy, Alexey and Brox, Thomas},
  booktitle={Advances in Neural Information Processing Systems},
  pages={658--666},
  year={2016}
}

@inproceedings{chen2017photographic,
  title={Photographic image synthesis with cascaded refinement networks},
  author={Chen, Qifeng and Koltun, Vladlen},
  booktitle={The IEEE International Conference on Computer Vision (ICCV)},
  volume={1},
  year={2017}
}

@inproceedings{johnson2016perceptual,
  title={Perceptual losses for real-time style transfer and super-resolution},
  author={Johnson, Justin and Alahi, Alexandre and Fei-Fei, Li},
  booktitle={European Conference on Computer Vision},
  pages={694--711},
  year={2016},
  organization={Springer}
}

@inproceedings{goodfellow2014generative,
  title={Generative adversarial nets},
  author={Goodfellow, Ian and Pouget-Abadie, Jean and Mirza, Mehdi and Xu, Bing and Warde-Farley, David and Ozair, Sherjil and Courville, Aaron and Bengio, Yoshua},
  booktitle={Advances in neural information processing systems},
  pages={2672--2680},
  year={2014}
}

@inproceedings{denton2015deep,
  title={Deep Generative Image Models using aï¿¼ Laplacian Pyramid of Adversarial Networks},
  author={Denton, Emily L and Chintala, Soumith and Fergus, Rob and others},
  booktitle={Advances in neural information processing systems},
  pages={1486--1494},
  year={2015}
}

@article{radford2015unsupervised,
  title={Unsupervised representation learning with deep convolutional generative adversarial networks},
  author={Radford, Alec and Metz, Luke and Chintala, Soumith},
  journal={arXiv preprint arXiv:1511.06434},
  year={2015}
}

@article{zhao2016energy,
  title={Energy-based generative adversarial network},
  author={Zhao, Junbo and Mathieu, Michael and LeCun, Yann},
  journal={arXiv preprint arXiv:1609.03126},
  year={2016}
}

@inproceedings{salimans2016improved,
  title={Improved techniques for training gans},
  author={Salimans, Tim and Goodfellow, Ian and Zaremba, Wojciech and Cheung, Vicki and Radford, Alec and Chen, Xi},
  booktitle={Advances in Neural Information Processing Systems},
  pages={2234--2242},
  year={2016}
}

@article{arjovsky2017wasserstein,
  title={Wasserstein gan},
  author={Arjovsky, Martin and Chintala, Soumith and Bottou, L{\'e}on},
  journal={arXiv preprint arXiv:1701.07875},
  year={2017}
}


@article{gulrajani2017improved,
  title={Improved training of wasserstein gans},
  author={Gulrajani, Ishaan and Ahmed, Faruk and Arjovsky, Martin and Dumoulin, Vincent and Courville, Aaron},
  journal={arXiv preprint arXiv:1704.00028},
  year={2017}
}

@article{karras2017progressive,
  title={Progressive Growing of GANs for Improved Quality, Stability, and Variation},
  author={Karras, Tero and Aila, Timo and Laine, Samuli and Lehtinen, Jaakko},
  journal={arXiv preprint arXiv:1710.10196},
  year={2017}
}

@article{zhang2016stackgan,
  title={Stackgan: Text to photo-realistic image synthesis with stacked generative adversarial networks},
  author={Zhang, Han and Xu, Tao and Li, Hongsheng and Zhang, Shaoting and Huang, Xiaolei and Wang, Xiaogang and Metaxas, Dimitris},
  journal={arXiv preprint arXiv:1612.03242},
  year={2016}
}

@article{reed2016generative,
  title={Generative adversarial text to image synthesis},
  author={Reed, Scott and Akata, Zeynep and Yan, Xinchen and Logeswaran, Lajanugen and Schiele, Bernt and Lee, Honglak},
  journal={arXiv preprint arXiv:1605.05396},
  year={2016}
}

@inproceedings{kim2016accurate,
  title={Accurate image super-resolution using very deep convolutional networks},
  author={Kim, Jiwon and Kwon Lee, Jung and Mu Lee, Kyoung},
  booktitle={Proceedings of the IEEE Conference on Computer Vision and Pattern Recognition},
  pages={1646--1654},
  year={2016}
}

@inproceedings{dong2014learning,
  title={Learning a deep convolutional network for image super-resolution},
  author={Dong, Chao and Loy, Chen Change and He, Kaiming and Tang, Xiaoou},
  booktitle={European Conference on Computer Vision},
  pages={184--199},
  year={2014},
  organization={Springer}
}

@article{ledig2016photo,
  title={Photo-realistic single image super-resolution using a generative adversarial network},
  author={Ledig, Christian and Theis, Lucas and Husz{\'a}r, Ferenc and Caballero, Jose and Cunningham, Andrew and Acosta, Alejandro and Aitken, Andrew and Tejani, Alykhan and Totz, Johannes and Wang, Zehan and others},
  journal={arXiv preprint arXiv:1609.04802},
  year={2016}
}

@article{isola2016image,
  title={Image-to-image translation with conditional adversarial networks},
  author={Isola, Phillip and Zhu, Jun-Yan and Zhou, Tinghui and Efros, Alexei A},
  journal={arXiv preprint arXiv:1611.07004},
  year={2016}
}

@article{zhu2017unpaired,
  title={Unpaired image-to-image translation using cycle-consistent adversarial networks},
  author={Zhu, Jun-Yan and Park, Taesung and Isola, Phillip and Efros, Alexei A},
  journal={arXiv preprint arXiv:1703.10593},
  year={2017}
}

@article{wang2017high,
  title={High-Resolution Image Synthesis and Semantic Manipulation with Conditional GANs},
  author={Wang, Ting-Chun and Liu, Ming-Yu and Zhu, Jun-Yan and Tao, Andrew and Kautz, Jan and Catanzaro, Bryan},
  journal={arXiv preprint arXiv:1711.11585},
  year={2017}
}


@inproceedings{zhu2015learning,
  title={Learning a Discriminative Model for the Perception of Realism in Composite Images},
  author={Zhu, Jun-Yan and Kr{\"a}henb{\"u}hl, Philipp and Shechtman, Eli and Efros, Alexei A.},
  booktitle={Computer Vision (ICCV), 2015 IEEE International Conference on},
  year={2015}
}

@article{reinhard2001color,
  title={Color transfer between images},
  author={Reinhard, Erik and Adhikhmin, Michael and Gooch, Bruce and Shirley, Peter},
  journal={IEEE Computer graphics and applications},
  volume={21},
  number={5},
  pages={34--41},
  year={2001},
  publisher={IEEE}
}

@article{perez2003poisson,
  title={Poisson image editing},
  author={P{\'e}rez, Patrick and Gangnet, Michel and Blake, Andrew},
  journal={ACM Transactions on graphics (TOG)},
  volume={22},
  number={3},
  pages={313--318},
  year={2003},
  publisher={ACM}
}

@inproceedings{tao2010error,
  title={Error-tolerant image compositing},
  author={Tao, Michael W and Johnson, Micah K and Paris, Sylvain},
  booktitle={European Conference on Computer Vision},
  pages={31--44},
  year={2010},
  organization={Springer}
}

@inproceedings{sunkavalli2010multi,
  title={Multi-scale image harmonization},
  author={Sunkavalli, Kalyan and Johnson, Micah K and Matusik, Wojciech and Pfister, Hanspeter},
  booktitle={ACM Transactions on Graphics (TOG)},
  volume={29},
  number={4},
  pages={125},
  year={2010},
  organization={ACM}
}

@article{tsai2016sky,
  title={Sky is not the limit: semantic-aware sky replacement.},
  author={Tsai, Yi-Hsuan and Shen, Xiaohui and Lin, Zhe and Sunkavalli, Kalyan and Yang, Ming-Hsuan},
  journal={ACM Trans. Graph.},
  volume={35},
  number={4},
  pages={149--1},
  year={2016}
}

@article{johnson2011cg2real,
  title={Cg2real: Improving the realism of computer generated images using a large collection of photographs},
  author={Johnson, Micah K and Dale, Kevin and Avidan, Shai and Pfister, Hanspeter and Freeman, William T and Matusik, Wojciech},
  journal={IEEE Transactions on Visualization and Computer Graphics},
  volume={17},
  number={9},
  pages={1273--1285},
  year={2011},
  publisher={IEEE}
}

@article{mirza2014conditional,
  title={Conditional generative adversarial nets},
  author={Mirza, Mehdi and Osindero, Simon},
  journal={arXiv preprint arXiv:1411.1784},
  year={2014}
}

@article{yu2015multi,
  title={Multi-scale context aggregation by dilated convolutions},
  author={Yu, Fisher and Koltun, Vladlen},
  journal={arXiv preprint arXiv:1511.07122},
  year={2015}
}

@article{odena2016deconvolution,
  author = {Odena, Augustus and Dumoulin, Vincent and Olah, Chris},
  title = {Deconvolution and Checkerboard Artifacts},
  journal = {Distill},
  year = {2016},
  url = {http://distill.pub/2016/deconv-checkerboard},
  doi = {10.23915/distill.00003}
}

@article{durugkar2016generative,
  title={Generative multi-adversarial networks},
  author={Durugkar, Ishan and Gemp, Ian and Mahadevan, Sridhar},
  journal={arXiv preprint arXiv:1611.01673},
  year={2016}
}

@article{karras2017progressive,
  title={Progressive growing of gans for improved quality, stability, and variation},
  author={Karras, Tero and Aila, Timo and Laine, Samuli and Lehtinen, Jaakko},
  journal={arXiv preprint arXiv:1710.10196},
  year={2017}
}

@article{zhou2016places,
  title={Places: An image database for deep scene understanding},
  author={Zhou, Bolei and Khosla, Aditya and Lapedriza, Agata and Torralba, Antonio and Oliva, Aude},
  journal={arXiv preprint arXiv:1610.02055},
  year={2016}
}

@inproceedings{lin2014microsoft,
  title={Microsoft coco: Common objects in context},
  author={Lin, Tsung-Yi and Maire, Michael and Belongie, Serge and Hays, James and Perona, Pietro and Ramanan, Deva and Doll{\'a}r, Piotr and Zitnick, C Lawrence},
  booktitle={European conference on computer vision},
  pages={740--755},
  year={2014},
  organization={Springer}
}

@inproceedings{liu2015faceattributes,
 author = {Ziwei Liu, Ping Luo, Xiaogang Wang, and Xiaoou Tang},
 title = {Deep Learning Face Attributes in the Wild},
 booktitle = {Proceedings of International Conference on Computer Vision (ICCV)},
 month = December,
 year = {2015} 
}

@article{russakovsky2015imagenet,
  title={Imagenet large scale visual recognition challenge},
  author={Russakovsky, Olga and Deng, Jia and Su, Hao and Krause, Jonathan and Satheesh, Sanjeev and Ma, Sean and Huang, Zhiheng and Karpathy, Andrej and Khosla, Aditya and Bernstein, Michael and others},
  journal={International Journal of Computer Vision},
  volume={115},
  number={3},
  pages={211--252},
  year={2015},
  publisher={Springer}
}